% $Id: Regrid.bib,v 1.8.4.1 2010/02/05 19:59:52 svasquez Exp $
%
% Earth System Modeling Framework
% Copyright 2002-2010, University Corporation for Atmospheric Research, 
% Massachusetts Institute of Technology, Geophysical Fluid Dynamics 
% Laboratory, University of Michigan, National Centers for Environmental 
% Prediction, Los Alamos National Laboratory, Argonne National Laboratory, 
% NASA Goddard Space Flight Center.
% Licensed under the University of Illinois-NCSA License.

@ARTICLE{Jones1999,
         author  = {Jones, P.W.},
         title   = {First- and Second-Order Conservative Remapping Schemes
                    for Grids in Spherical Coordinates},
         journal = {Monthly Weath. Rev.},
         year    = 1999,
         volume  = 127,
         pages   = "2204--2210"
}



